This file was created with JabRef 2.2.
Encoding: Cp1252

@UNPUBLISHED{wer05a,
  author = {wer},
  title = {was},
  note = {wp ssrn},
  year = {2005},
  owner = {dimpfl},
  timestamp = {2007.08.01}
}

@BOOK{key2,
  title = {A book title},
  publisher = {random publishing house},
  year = {2006},
  editor = {keiner},
  author = {Franz Mustermann and Franziska Musterfrau},
  place = {somewhere}
}

@ARTICLE{key1,
  author = {Vorname Name},
  title = {name of the article},
  journal = {the journal's name},
  year = {2006},
  volume = {1},
  pages = {1-2}
}

